@Inbook{Ford1987,
author="Ford, L. R.
and Fulkerson, D. R.",
editor="Gessel, Ira
and Rota, Gian-Carlo",
title="Maximal Flow Through a Network",
bookTitle="Classic Papers in Combinatorics",
year="1987",
publisher="Birkh{\"a}user Boston",
address="Boston, MA",
pages="243--248",
abstract="The problem discussed in this paper was formulated by T. Harris as follows:",
isbn="978-0-8176-4842-8",
doi="10.1007/978-0-8176-4842-8_15",
url="https://doi.org/10.1007/978-0-8176-4842-8_15"
}

